<?xml version="1.0" encoding="UTF-8"?><collection xmlns="http://www.loc.gov/MARC21/slim"><record><leader>00445nam--2200169-i-4500</leader><controlfield tag="001">000025211</controlfield><controlfield tag="002">20161230</controlfield><controlfield tag="005">20170212004857</controlfield><controlfield tag="008">060222s1000------------r-----000-0-eng-d</controlfield><datafield ind1=" " ind2=" " tag="040"><subfield code="a">IFIN-HH</subfield></datafield><datafield ind1=" " ind2=" " tag="080"><subfield code="a">621.318.1</subfield></datafield><datafield ind1="1" ind2=" " tag="100"><subfield code="a">Elliott, R. J</subfield></datafield><datafield ind1="1" ind2="0" tag="245"><subfield code="a">Magnetic properties of rare earth metals</subfield><subfield code="c">R.J. Elliott (ed.)</subfield></datafield><datafield ind1=" " ind2=" " tag="260"><subfield code="a">London</subfield><subfield code="b">Plenum Press</subfield><subfield code="c">1972</subfield></datafield><datafield ind1=" " ind2=" " tag="300"><subfield code="a">IX + 425 p</subfield></datafield><datafield ind1=" " ind2=" " tag="852"><subfield code="a">42031</subfield><subfield code="c">537:538</subfield></datafield><datafield ind1=" " ind2=" " tag="CAT"><subfield code="a">SYS</subfield><subfield code="c">20170212</subfield><subfield code="h">004857</subfield></datafield></record></collection>